{
  "leader": "05562cam a2200721 i 4500",
  "fields": [
    {
      "001": "ocm00167545\\"
    },
    {
      "003": "OCoLC"
    },
    {
      "005": "20220225113900.0"
    },
    {
      "008": "711119s1971\\\\\\\\mau\\\\\\\\\\\\d\\\\\\\\000\\0ceng\\\\"
    },
    {
      "010": {
        "ind1": "\\",
        "ind2": "\\",
        "subfields": [
          {
            "a": "   76152274 "
          }
        ]
      }
    },
    {
      "040": {
        "ind1": "\\",
        "ind2": "\\",
        "subfields": [
          {
            "a": "DLC"
          },
          {
            "b": "eng"
          },
          {
            "c": "DLC"
          },
          {
            "d": "MCL"
          },
          {
            "d": "UKM"
          },
          {
            "d": "NLM"
          },
          {
            "d": "EL{dollar}"
          },
          {
            "d": "XY4"
          },
          {
            "d": "MUQ"
          },
          {
            "d": "NLGGC"
          },
          {
            "d": "BAKER"
          },
          {
            "d": "BTCTA"
          },
          {
            "d": "YDXCP"
          },
          {
            "d": "HDM"
          },
          {
            "d": "UKMGB"
          },
          {
            "d": "MOF"
          },
          {
            "d": "TXBXL"
          },
          {
            "d": "OCLCF"
          },
          {
            "d": "OCLCA"
          },
          {
            "d": "OCLCQ"
          },
          {
            "d": "OCLCO"
          },
          {
            "d": "XFF"
          },
          {
            "d": "OCLCO"
          },
          {
            "d": "EUW"
          },
          {
            "d": "OCL"
          },
          {
            "d": "OCLCQ"
          },
          {
            "d": "OCLCO"
          },
          {
            "d": "IOD"
          },
          {
            "d": "AL5ON"
          },
          {
            "d": "OCLCO"
          },
          {
            "d": "NLC"
          },
          {
            "d": "OCLCO"
          },
          {
            "d": "OCLCA"
          },
          {
            "d": "VBO"
          },
          {
            "d": "OCLCQ"
          },
          {
            "d": "CPO"
          },
          {
            "d": "OCLCQ"
          },
          {
            "d": "OCLCO"
          },
          {
            "d": "TYC"
          },
          {
            "d": "NYHOF"
          },
          {
            "d": "OCLCQ"
          },
          {
            "d": "OCL"
          },
          {
            "d": "UKQUB"
          },
          {
            "d": "LUN"
          },
          {
            "d": "IL4J6"
          },
          {
            "d": "OCLCO"
          },
          {
            "d": "AGL"
          },
          {
            "d": "OCLCO"
          }
        ]
      }
    },
    {
      "016": {
        "ind1": "\\",
        "ind2": "\\",
        "subfields": [
          {
            "a": "(AMICUS)000001647707"
          }
        ]
      }
    },
    {
      "016": {
        "ind1": "7",
        "ind2": "\\",
        "subfields": [
          {
            "a": "0332257"
          },
          {
            "2": "DNLM"
          }
        ]
      }
    },
    {
      "016": {
        "ind1": "7",
        "ind2": "\\",
        "subfields": [
          {
            "a": "004158759"
          },
          {
            "2": "Uk"
          }
        ]
      }
    },
    {
      "016": {
        "ind1": "7",
        "ind2": "\\",
        "subfields": [
          {
            "a": "009688038"
          },
          {
            "2": "Uk"
          }
        ]
      }
    },
    {
      "016": {
        "ind1": "7",
        "ind2": "\\",
        "subfields": [
          {
            "a": "014197424"
          },
          {
            "2": "Uk"
          }
        ]
      }
    },
    {
      "019": {
        "ind1": "\\",
        "ind2": "\\",
        "subfields": [
          {
            "a": "193139"
          },
          {
            "a": "1846516"
          },
          {
            "a": "5878501"
          },
          {
            "a": "16199239"
          },
          {
            "a": "38230537"
          },
          {
            "a": "39363166"
          },
          {
            "a": "317881165"
          },
          {
            "a": "500712257"
          },
          {
            "a": "703468365"
          },
          {
            "a": "731289742"
          },
          {
            "a": "731289744"
          },
          {
            "a": "1000986511"
          },
          {
            "a": "1104811124"
          },
          {
            "a": "1152788584"
          },
          {
            "a": "1154187341"
          },
          {
            "a": "1154236767"
          },
          {
            "a": "1154256943"
          },
          {
            "a": "1166939552"
          },
          {
            "a": "1179452808"
          },
          {
            "a": "1200989184"
          },
          {
            "a": "1200998865"
          },
          {
            "a": "1201603856"
          },
          {
            "a": "1201615918"
          },
          {
            "a": "1201624450"
          },
          {
            "a": "1201834723"
          },
          {
            "a": "1201856510"
          },
          {
            "a": "1201893079"
          },
          {
            "a": "1201973066"
          },
          {
            "a": "1205120569"
          },
          {
            "a": "1205353979"
          },
          {
            "a": "1205404755"
          },
          {
            "a": "1205455408"
          },
          {
            "a": "1205537974"
          },
          {
            "a": "1205567935"
          },
          {
            "a": "1229576642"
          },
          {
            "a": "1276244665"
          }
        ]
      }
    },
    {
      "020": {
        "ind1": "\\",
        "ind2": "\\",
        "subfields": [
          {
            "a": "0674627318"
          }
        ]
      }
    },
    {
      "020": {
        "ind1": "\\",
        "ind2": "\\",
        "subfields": [
          {
            "a": "9780674627314"
          }
        ]
      }
    },
    {
      "020": {
        "ind1": "\\",
        "ind2": "\\",
        "subfields": [
          {
            "a": "0674627342"
          }
        ]
      }
    },
    {
      "020": {
        "ind1": "\\",
        "ind2": "\\",
        "subfields": [
          {
            "a": "9780674627345"
          }
        ]
      }
    },
    {
      "035": {
        "ind1": "\\",
        "ind2": "\\",
        "subfields": [
          {
            "a": "(OCoLC)167545"
          },
          {
            "z": "(OCoLC)193139"
          },
          {
            "z": "(OCoLC)1846516"
          },
          {
            "z": "(OCoLC)5878501"
          },
          {
            "z": "(OCoLC)16199239"
          },
          {
            "z": "(OCoLC)38230537"
          },
          {
            "z": "(OCoLC)39363166"
          },
          {
            "z": "(OCoLC)317881165"
          },
          {
            "z": "(OCoLC)500712257"
          },
          {
            "z": "(OCoLC)703468365"
          },
          {
            "z": "(OCoLC)731289742"
          },
          {
            "z": "(OCoLC)731289744"
          },
          {
            "z": "(OCoLC)1000986511"
          },
          {
            "z": "(OCoLC)1104811124"
          },
          {
            "z": "(OCoLC)1152788584"
          },
          {
            "z": "(OCoLC)1154187341"
          },
          {
            "z": "(OCoLC)1154236767"
          },
          {
            "z": "(OCoLC)1154256943"
          },
          {
            "z": "(OCoLC)1166939552"
          },
          {
            "z": "(OCoLC)1179452808"
          },
          {
            "z": "(OCoLC)1200989184"
          },
          {
            "z": "(OCoLC)1200998865"
          },
          {
            "z": "(OCoLC)1201603856"
          },
          {
            "z": "(OCoLC)1201615918"
          },
          {
            "z": "(OCoLC)1201624450"
          },
          {
            "z": "(OCoLC)1201834723"
          },
          {
            "z": "(OCoLC)1201856510"
          },
          {
            "z": "(OCoLC)1201893079"
          },
          {
            "z": "(OCoLC)1201973066"
          },
          {
            "z": "(OCoLC)1205120569"
          },
          {
            "z": "(OCoLC)1205353979"
          },
          {
            "z": "(OCoLC)1205404755"
          },
          {
            "z": "(OCoLC)1205455408"
          },
          {
            "z": "(OCoLC)1205537974"
          },
          {
            "z": "(OCoLC)1205567935"
          },
          {
            "z": "(OCoLC)1229576642"
          },
          {
            "z": "(OCoLC)1276244665"
          }
        ]
      }
    },
    {
      "043": {
        "ind1": "\\",
        "ind2": "\\",
        "subfields": [
          {
            "a": "n-us---"
          }
        ]
      }
    },
    {
      "050": {
        "ind1": "0",
        "ind2": "0",
        "subfields": [
          {
            "a": "CT3260"
          },
          {
            "b": ".N57"
          }
        ]
      }
    },
    {
      "055": {
        "ind1": "\\",
        "ind2": "1",
        "subfields": [
          {
            "a": "CT3260.N6"
          }
        ]
      }
    },
    {
      "060": {
        "ind1": "0",
        "ind2": "0",
        "subfields": [
          {
            "a": "CT 3260"
          },
          {
            "b": "N899 1971"
          }
        ]
      }
    },
    {
      "070": {
        "ind1": "\\",
        "ind2": "\\",
        "subfields": [
          {
            "a": "CT3260.J3"
          }
        ]
      }
    },
    {
      "072": {
        "ind1": "\\",
        "ind2": "7",
        "subfields": [
          {
            "a": "coll2"
          },
          {
            "2": "lacc"
          }
        ]
      }
    },
    {
      "082": {
        "ind1": "0",
        "ind2": "0",
        "subfields": [
          {
            "a": "920.720973"
          },
          {
            "b": "NOT"
          }
        ]
      }
    },
    {
      "245": {
        "ind1": "0",
        "ind2": "0",
        "subfields": [
          {
            "a": "Notable American women, 1607-1950 :"
          },
          {
            "b": "a biographical dictionary /"
          },
          {
            "c": "Edward T. James, editor. Janet Wilson James, associate editor. Paul S. Boyer, assistant editor."
          }
        ]
      }
    },
    {
      "260": {
        "ind1": "\\",
        "ind2": "\\",
        "subfields": [
          {
            "a": "Cambridge, Mass. :"
          },
          {
            "b": "Belknap Press of Harvard University Press,"
          },
          {
            "c": "1971."
          }
        ]
      }
    },
    {
      "300": {
        "ind1": "\\",
        "ind2": "\\",
        "subfields": [
          {
            "a": "3 volumes ;"
          },
          {
            "c": "26 cm"
          }
        ]
      }
    },
    {
      "336": {
        "ind1": "\\",
        "ind2": "\\",
        "subfields": [
          {
            "a": "text"
          },
          {
            "b": "txt"
          },
          {
            "2": "rdacontent"
          }
        ]
      }
    },
    {
      "337": {
        "ind1": "\\",
        "ind2": "\\",
        "subfields": [
          {
            "a": "unmediated"
          },
          {
            "b": "n"
          },
          {
            "2": "rdamedia"
          }
        ]
      }
    },
    {
      "338": {
        "ind1": "\\",
        "ind2": "\\",
        "subfields": [
          {
            "a": "volume"
          },
          {
            "b": "nc"
          },
          {
            "2": "rdacarrier"
          }
        ]
      }
    },
    {
      "500": {
        "ind1": "\\",
        "ind2": "\\",
        "subfields": [
          {
            "a": "\"Prepared under the auspices of Radcliffe College.\""
          }
        ]
      }
    },
    {
      "505": {
        "ind1": "0",
        "ind2": "\\",
        "subfields": [
          {
            "a": "Biographies A-F -- Biographies G-O -- Biographies P-Z."
          }
        ]
      }
    },
    {
      "505": {
        "ind1": "0",
        "ind2": "\\",
        "subfields": [
          {
            "a": "Abolitionists -- Actresses and theatre managers -- Anthropologists and folklorists -- Architects and interior decorators -- Art collectors and patrons -- Art critics and historians -- Art educators -- Astronomers -- Authors -- Biologists -- Botanists and horticulturists -- Chemists and physicists -- Children's authors -- Circus performers -- Civil war figures -- Classicists -- College administrators -- Composers -- Dancers -- Educational reformers -- Educators of the handicapped -- Entrepreneurs -- Explorers and travelers -- Feminists -- Film actresses and directors."
          }
        ]
      }
    },
    {
      "505": {
        "ind1": "0",
        "ind2": "\\",
        "subfields": [
          {
            "a": "Geographer and geologist -- Hawaiian nobility -- Health reform advocates -- Heroines -- Historians -- Historical preservationists -- Home economics -- Illustrators -- Indian captives -- Indian reform advocates -- Indian women -- Inventors -- Kindergartners -- Labor leaders -- Labor reformers -- Lawyers -- Lecturers and orators -- Librarians -- Literary scholars -- Magazine editors -- Ministers and evangelists -- Missionaries -- Missionary society leaders -- Mormon women."
          }
        ]
      }
    },
    {
      "505": {
        "ind1": "0",
        "ind2": "\\",
        "subfields": [
          {
            "a": "Music educators and patrons -- Naturalists -- Negro women -- Newspaperwomen -- Nurses -- Painters -- Peace advocates -- Performing musicians -- Philanthropists -- Philosophers -- Photographer -- Physicians -- Political figures -- Printmakers -- Prison reformers -- Psychologists -- Religious educators -- Religious founders and leaders -- School founders and administrators -- Sculptors -- Settlement houseleaders."
          }
        ]
      }
    },
    {
      "505": {
        "ind1": "0",
        "ind2": "\\",
        "subfields": [
          {
            "a": "Social and civic reformers -- Social economists -- Social leaders -- Social workers -- Socialists and radicals -- Suffragists -- Temperance advocates -- Translators -- Welfare work leaders -- Wives of the presidents -- Women's club leaders."
          }
        ]
      }
    },
    {
      "530": {
        "ind1": "\\",
        "ind2": "\\",
        "subfields": [
          {
            "a": "Also issued online."
          }
        ]
      }
    },
    {
      "520": {
        "ind1": "\\",
        "ind2": "\\",
        "subfields": [
          {
            "a": "Contains biographical sketches of women whose achievements have contributed to the nation's history."
          }
        ]
      }
    },
    {
      "650": {
        "ind1": "\\",
        "ind2": "0",
        "subfields": [
          {
            "a": "Women"
          },
          {
            "z": "United States"
          },
          {
            "v": "Biography"
          },
          {
            "v": "Dictionaries."
          }
        ]
      }
    },
    {
      "650": {
        "ind1": "\\",
        "ind2": "2",
        "subfields": [
          {
            "a": "Women"
          }
        ]
      }
    },
    {
      "650": {
        "ind1": "\\",
        "ind2": "7",
        "subfields": [
          {
            "a": "Women."
          },
          {
            "2": "fast"
          },
          {
            "0": "(OCoLC)fst01176568"
          }
        ]
      }
    },
    {
      "651": {
        "ind1": "\\",
        "ind2": "7",
        "subfields": [
          {
            "a": "United States."
          },
          {
            "2": "fast"
          },
          {
            "0": "(OCoLC)fst01204155"
          }
        ]
      }
    },
    {
      "655": {
        "ind1": "\\",
        "ind2": "2",
        "subfields": [
          {
            "a": "Biography"
          }
        ]
      }
    },
    {
      "655": {
        "ind1": "\\",
        "ind2": "7",
        "subfields": [
          {
            "a": "Biographies."
          },
          {
            "2": "fast"
          },
          {
            "0": "(OCoLC)fst01919896"
          }
        ]
      }
    },
    {
      "655": {
        "ind1": "\\",
        "ind2": "7",
        "subfields": [
          {
            "a": "Reference works."
          },
          {
            "2": "fast"
          },
          {
            "0": "(OCoLC)fst01919963"
          }
        ]
      }
    },
    {
      "655": {
        "ind1": "\\",
        "ind2": "7",
        "subfields": [
          {
            "a": "Dictionaries."
          },
          {
            "2": "fast"
          },
          {
            "0": "(OCoLC)fst01423826"
          }
        ]
      }
    },
    {
      "655": {
        "ind1": "\\",
        "ind2": "7",
        "subfields": [
          {
            "a": "Reference works."
          },
          {
            "2": "lcgft"
          }
        ]
      }
    },
    {
      "700": {
        "ind1": "1",
        "ind2": "\\",
        "subfields": [
          {
            "a": "James, Edward T.,"
          },
          {
            "e": "editor."
          }
        ]
      }
    },
    {
      "700": {
        "ind1": "1",
        "ind2": "\\",
        "subfields": [
          {
            "a": "James, Janet Wilson,"
          },
          {
            "d": "1918-1987,"
          },
          {
            "e": "editor."
          }
        ]
      }
    },
    {
      "700": {
        "ind1": "1",
        "ind2": "\\",
        "subfields": [
          {
            "a": "Boyer, Paul S.,"
          },
          {
            "e": "editor."
          }
        ]
      }
    },
    {
      "710": {
        "ind1": "2",
        "ind2": "\\",
        "subfields": [
          {
            "a": "Radcliffe College."
          }
        ]
      }
    },
    {
      "776": {
        "ind1": "0",
        "ind2": "8",
        "subfields": [
          {
            "i": "Online version:"
          },
          {
            "t": "Notable American women, 1607-1950."
          },
          {
            "d": "Cambridge, Mass., Belknap Press of Harvard University Press, 1971"
          },
          {
            "w": "(OCoLC)607905468"
          }
        ]
      }
    },
    {
      "856": {
        "ind1": "4",
        "ind2": "\\",
        "subfields": [
          {
            "u": "http://www.credoreference.com/vol/532"
          }
        ]
      }
    },
    {
      "994": {
        "ind1": "\\",
        "ind2": "\\",
        "subfields": [
          {
            "a": "Z0"
          },
          {
            "b": "NYRVC"
          }
        ]
      }
    },
    {
      "948": {
        "ind1": "\\",
        "ind2": "\\",
        "subfields": [
          {
            "h": "NO HOLDINGS IN NYRVC - 2323 OTHER HOLDINGS"
          }
        ]
      }
    },
    {
      "999": {
        "ind1": "\\",
        "ind2": "\\",
        "subfields": [
          {
            "a": "00000000014761"
          },
          {
            "v": "v. 1"
          }
        ]
      }
    },
    {
      "999": {
        "ind1": "\\",
        "ind2": "\\",
        "subfields": [
          {
            "a": "00000000014757"
          },
          {
            "v": "v. 2"
          }
        ]
      }
    },
    {
      "999": {
        "ind1": "\\",
        "ind2": "\\",
        "subfields": [
          {
            "a": "00000000014753"
          },
          {
            "v": "v. 3"
          }
        ]
      }
    }
  ]
}